@Book{Shermin2017,
  author    = {Voshmgir Shermin, Kalinov Valentin},
  publisher = {BlockchainHub Berlin},
  title     = {Blockchain A Biginners Guide},
  year      = {2017},
  note      = {Page: 14},
}

@Book{GrechAlexander2017,
  author    = {Grech Alexander, Camilleri Anthony},
  publisher = {Luxembourg: Publications Office of the European Union},
  title     = {Blockchain in education},
  year      = {2017},
}

@Article{mik2017smart,
  author    = {Mik, Eliza},
  journal   = {Law, Innovation and Technology},
  title     = {Smart contracts: terminology, technical limitations and real world complexity},
  year      = {2017},
  number    = {2},
  pages     = {269--300},
  volume    = {9},
  publisher = {Taylor \& Francis},
}

@Book{meinel2018blockchain,
  author    = {Meinel, Christoph and Gayvoronskaya, Tatiana and Schnjakin, Maxim},
  publisher = {Universit{\"a}tsverlag Potsdam},
  title     = {Blockchain: Hype oder innovation},
  year      = {2018},
  note      = {Page: 73},
  volume    = {113},
}

@Article{buterin2014next,
  author  = {Buterin, Vitalik and others},
  journal = {white paper},
  title   = {A next-generation smart contract and decentralized application platform},
  year    = {2014},
  number  = {37},
  volume  = {3},
}

@Misc{Mitschele2019,
  author       = {Mitschele, Andreas},
  howpublished = {Springer Gabler Verlag, Gabler Wirtschaftslexikon},
  month        = nov,
  note         = {called on: 29.11.2021},
  title        = {Smart-Contract},
  year         = {2019},
  url          = {https://wirtschaftslexikon.gabler.de/definition/smart-contract-54213/version-372222},
}

@InProceedings{Vujicic2018,
  author       = {Vuji{\v{c}}i{\'c}, Dejan and Jagodi{\'c}, Dijana and Ran{\dj}i{\'c}, Sini{\v{s}}a},
  booktitle    = {2018 17th international symposium infoteh-jahorina (infoteh)},
  title        = {Blockchain technology, bitcoin, and Ethereum: A brief overview},
  year         = {2018},
  organization = {IEEE},
  pages        = {1--6},
}

@Conference{Vitalik2015,
  author    = {Buterin Vitalik},
  booktitle = {[Conference session]},
  title     = {Ethereum in 40 Minutes},
  year      = {2015},
  address   = {London},
  month     = nov,
  note      = {Minute: 2:55 - 3:25},
  publisher = {DEVCON 1},
  url       = {https://archive.devcon.org/archive/watch/1/understanding-the-ethereum-blockchain-protocol/?playlist=Popular&tab=YouTube},
}

@Comment{jabref-meta: databaseType:bibtex;}

@Comment{jabref-meta: fileDirectoryLatex-Moni-DESKTOP-LN1ORDK:C:\\Users\\Moni\\Documents\\Studium\\7. Semester\\Bachelor\\Bachelor\\chapters;}
